
@misc{net:1,
	author = "Diverse",
	title = "The Linux Kernel API - Parallel Port Devices",
	howpublished = "\\\url{http://www.gnugeneration.com/books/linux/2.6.20/kernel-api/ch22.html}",
	note = "[Online; abgerufen zuletzt am 12. Februar 2011]"
}

@misc{net:2,
	author = "Linus Torvalds, u.a.",
	title = "Linux",
	howpublished = "\\\url{http://www.kernel.org/}",
	note = "Version 2.6.37"
}
